@inproceedings{min2010analysis,
  title={Analysis on bubble sort algorithm optimization},
  author={Min, Wang},
  booktitle={Information Technology and Applications (IFITA), 2010 International Forum on},
  volume={1},
  pages={208--211},
  year={2010},
  organization={IEEE}
}
