@article{schaffer1993analysis,
  title={The analysis of heapsort},
  author={Schaffer, Russel and Sedgewick, Robert},
  journal={Journal of Algorithms},
  volume={15},
  number={1},
  pages={76--100},
  year={1993},
  publisher={Elsevier}
}
